<?xml version="1.0" encoding="UTF-8"?><collection xmlns="http://www.loc.gov/MARC21/slim"><record><leader>00434nam--2200157-i-4500</leader><controlfield tag="001">000023108</controlfield><controlfield tag="002">20161230</controlfield><controlfield tag="005">20170118233145</controlfield><controlfield tag="008">060222s1000------------r-----000-0-eng-d</controlfield><datafield ind1=" " ind2=" " tag="100"><subfield code="a">Harget, A. J</subfield></datafield><datafield ind1=" " ind2=" " tag="245"><subfield code="a">Semi-empirical self-consistent-field molecular orbital theory of molecules</subfield></datafield><datafield ind1=" " ind2=" " tag="260"><subfield code="a">London</subfield><subfield code="b">Wiley-Interscience</subfield><subfield code="c">1972</subfield></datafield><datafield ind1=" " ind2=" " tag="300"><subfield code="a">X + 180 p</subfield></datafield><datafield ind1=" " ind2=" " tag="700"><subfield code="a">Murrell, J. N</subfield></datafield><datafield ind1=" " ind2=" " tag="852"><subfield code="a">35973</subfield></datafield><datafield ind1=" " ind2=" " tag="CAT"><subfield code="a">SYS</subfield><subfield code="c">20170118</subfield><subfield code="h">233145</subfield></datafield></record></collection>